2069 3917
352 279 487 324 VIII

458 432 521 482 In
558 428 1248 498 Gasteropodorum
1287 438 1343 482 et
1378 431 2005 483 Elatobranchio-

359 561 513 596 rum
558 542 823 594 classibus
871 543 1035 611 longe
1078 542 1317 607 plurima
1352 541 1575 608 quidem
1611 544 2007 594 celeberrimus

355 669 432 720 de
475 667 823 731 Lamarck,
872 666 1105 717 eximius
1144 665 1481 717 naturalium
1518 682 1707 718 rerum
1745 669 2009 719 etanima-

357 781 494 832 lium
549 780 882 830 inferiorum
931 775 1200 847 graduum
1217 814 1234 841 ,
1289 777 1687 829 molluscorum
1739 779 2011 845 imprimis

355 892 621 944 scientiae
683 891 1019 940 reformator
1085 893 1250 954 atque
1299 896 1496 940 auctor
1511 926 1528 954 ,
1598 889 1879 951 instituit3
1952 896 2015 938 ut

356 1004 503 1054 enim
538 1002 635 1051 ille
691 1001 900 1066 species
955 999 1386 1065 quamplurimas
1445 1000 1730 1050 subtiliori
1775 1000 2016 1051 examini

358 1114 614 1165 submisit
632 1150 648 1172 ,
701 1109 1031 1178 recognovit
1052 1146 1067 1168 ‚
1109 1111 1422 1159 accuratius
1462 1109 1720 1161 distinxit
1737 1147 1754 1174 ‚
1810 1112 2015 1177 optime

356 1223 654 1288 descripsit
698 1229 755 1271 et
799 1219 1150 1270 adumbravit
1170 1257 1185 1283 ‚
1251 1223 1332 1270 ita
1378 1236 1595 1287 quoque
1642 1236 1910 1290 generum
1965 1229 2020 1270 et

358 1335 694 1384 familiarum
751 1330 1282 1397 quamplurimarum
1336 1332 1718 1382 institutiones
1772 1336 1826 1382 et
1883 1330 2018 1381 defi-

360 1446 603 1495 nitiones
651 1444 704 1493 ei
742 1442 1016 1492 debentur
1041 1443 1122 1509 *);
1175 1458 1370 1494 verum
1415 1442 1474 1490 in
1511 1442 2024 1510 Gasteropodorum

360 1555 731 1621 dispositione
787 1570 965 1620 neque
1020 1552 1166 1604 hunc
1186 1591 1202 1617 ‚
1267 1569 1445 1619 neque
1499 1553 1581 1603 ill.
1639 1553 1705 1604 de
1759 1554 2022 1604 Fe'russac

361 1666 525 1715 nimis
564 1672 715 1715 arcte
760 1664 1086 1730 insequutus
1124 1681 1260 1714 sum.
1352 1664 1410 1712 H
1432 1682 1465 1730 y
1488 1679 1521 1729 p
1543 1679 1575 1714 o
1599 1665 1632 1714 b
1652 1681 1683 1713 r
1703 1681 1734 1714 a
1751 1682 1784 1714 n
1807 1682 1836 1715 c
1859 1665 1894 1713 h
1913 1666 1933 1713 i
1954 1682 1984 1714 o
1999 1696 2020 1704 -

363 1793 393 1825 r
412 1793 449 1825 u
467 1793 520 1825 m
576 1773 763 1824 ordini
816 1790 1015 1825 novam
1070 1775 1364 1838 familiam,
1418 1774 1693 1840 Ancylea‚
1749 1791 1781 1824 a
1819 1776 2022 1826 Cteno-

361 1885 644 1936 branchiis
683 1884 1026 1950 depromtam
1046 1920 1064 1946 ‚
1139 1883 1357 1948 addidi,
1411 1901 1580 1950 quum
1631 1901 1699 1936 ex
1751 1886 2023 1936 incisione

361 1995 565 2063 Ancyli
599 1995 891 2046 fluviatilis
927 2012 958 2044 a
984 1995 1350 2045 celeberrimo
1370 1994 1434 2045 G.
1458 1993 1522 2047 R.
1546 1993 1596 2044 T
1614 2011 1644 2044 r
1663 2011 1692 2045 e
1711 1997 1782 2046 vi
1799 2012 1829 2045 r
1846 2013 1876 2046 a
1893 2014 1928 2045 n
1947 2015 1984 2046 u
2001 2015 2025 2046 s

367 2108 621 2158 instituta
655 2107 836 2173 patuit
854 2144 870 2170 ‚
926 2105 1035 2156 hoc
1072 2121 1243 2175 genus
1260 2139 1277 2166 ‚
1339 2103 1437 2154 diu
1482 2104 1614 2154 hinc
1659 2111 1822 2172 atque
1868 2107 2025 2157 illine

368 2226 624 2269 vexatum
646 2254 663 2278 7
728 2217 796 2267 ad
861 2215 1254 2267 branchiarum
1314 2217 1482 2266 situm
1550 2223 1611 2265 et
1670 2223 2026 2281 structuram,

371 2328 554 2379 cordis
592 2331 759 2379 situm
776 2366 791 2391 ‚
842 2328 932 2377 ani
982 2334 1301 2393 aperturam
1348 2335 1405 2377 et
1447 2325 1889 2378 ventriculorum
1928 2327 2029 2376 tri-

370 2440 570 2506 plicem
616 2455 905 2491 numerum
942 2435 1382 2488 Pleurobranchi
1425 2437 1649 2506 generis
1691 2438 1851 2495 affine
1890 2455 2027 2489 esse.

369 2551 436 2600 In
473 2548 1375 2601 Pomatobranchiorum
1423 2555 1482 2597 et
1530 2546 2029 2614 Coelopnoo-

373 2677 404 2710 r
422 2677 461 2711 u
479 2658 534 2711 m
585 2677 621 2731 g
641 2680 676 2728 y
697 2679 750 2711 m
769 2679 805 2709 n
827 2676 858 2710 o
883 2677 906 2710 s
923 2667 947 2710 t
966 2675 998 2709 o
1019 2676 1075 2709 m
1093 2674 1124 2708 ο
1144 2675 1176 2708 r
1192 2677 1232 2709 u
1249 2676 1308 2709 m
1362 2657 1654 2709 ordinibus
1700 2655 2033 2708 admonitio-

377 2788 473 2822 nes
511 2772 806 2823 clarissimi
858 2770 929 2821 de
972 2769 1271 2822 Blainville
1326 2785 1441 2820 non
1482 2768 1723 2838 neglexi.
1795 2768 1862 2819 In
1894 2769 1951 2818 H
1969 2785 2033 2818 e-

379 2881 400 2931 l
422 2882 443 2930 i
462 2898 491 2932 c
513 2898 542 2932 e
566 2898 597 2931 a
617 2899 645 2931 r
663 2900 702 2933 u
718 2901 774 2933 m
839 2881 1050 2933 familia
1068 2919 1086 2946 ‚
1149 2882 1238 2932 uti
1307 2881 1368 2930 in
1416 2879 1685 2946 primaria
1732 2893 2033 2945 synopseos

381 2989 657 3055 editione,
695 3007 899 3060 genera
927 3008 959 3040 a
986 2991 1350 3042 celeberrimo
1378 2986 1824 3056 Draparnand
1857 2989 2032 3040 intro-

463 3151 504 3201 *)
535 3153 831 3197 Histoire
860 3155 1200 3198 naturelle
1232 3157 1338 3199 des
1373 3156 1677 3199 Animaux
1708 3168 1846 3196 sans
1875 3156 2036 3198 Ver-

548 3223 774 3266 tebres.
834 3225 921 3266 Par
947 3223 1016 3265 M.
1045 3224 1091 3266 le
1125 3224 1273 3268 Chev.
1303 3228 1354 3267 de
1384 3222 1613 3265 Lamarck.
1654 3223 1754 3264 VII
1785 3224 1969 3266 Tomes.
2013 3240 2039 3265 a

545 3292 689 3334 Paris.
722 3293 994 3338 1815-1822.
1036 3296 1140 3335 ssvo.
1184 3318 1236 3326 «-
1305 3295 1482 3337 'remus
1522 3291 1747 3348 quintus,
1787 3299 1948 3336 sextus
1991 3301 2037 3334 et

549 3360 779 3416 septimus
797 3352 1062 3405 ‘continent
1092 3361 1342 3406 mollusca.
