2069 3917
370 148 445 193 VI

368 307 653 375 poscitque
690 306 1099 376 physiologicas
1140 307 1552 359 observationes
1593 318 1649 360 et
1686 309 2019 360 anatomicas

365 420 791 485 explorationes,
815 419 911 468 sed
929 417 1290 471 validioribus
1312 438 1525 488 quoque
1544 422 1716 472 multo
1736 437 1894 487 quam
1915 420 2020 468 ista

369 531 657 597 antiquior
689 530 889 579 nititur
924 531 1321 596 fundamentis,
1374 540 1429 581 et
1465 539 1719 598 respectu
1755 529 2019 581 scientiae

365 641 484 690 sine
521 639 688 690 dubio
727 638 928 689 indolis
959 649 1042 690 est
1078 642 1324 702 altioris,
1374 659 1545 712 nugas
1585 643 1732 692 enim
1771 648 1826 690 et
1860 641 2018 704 inep-

362 749 487 815 tias,
527 767 665 816 quae
702 752 949 801 tironum
988 759 1045 802 et
1071 760 1378 801 amatorum
1407 754 1604 822 vulgus
1630 753 1737 801 hoc
1774 749 2018 800 studium

364 876 548 910 amaus
588 878 748 927 saepe
788 870 1017 926 vexant,
1060 861 1138 910 nil
1177 878 1401 927 curans,
1449 865 1506 912 iu
1544 865 1692 912 solos
1732 861 2016 911 characte-

362 989 451 1023 res
488 974 766 1023 naturales
825 989 891 1022 ex
943 972 1262 1021 animalium
1298 981 1533 1036 natura,
1593 974 1809 1042 figura,
1862 986 2016 1032 sexu,

362 1091 675 1147 structura,
732 1084 974 1149 partium
1013 1084 1158 1147 sita,
1215 1092 1482 1134 testarum
1520 1086 1730 1145 forma,
1790 1079 2015 1132 cardine

360 1193 595 1259 aliisque
651 1195 799 1244 notis
855 1195 1322 1246 characteristicis
1389 1193 1707 1261 depromtos
1761 1191 2016 1259 inquirit,

358 1302 662 1354 divisiones
688 1304 776 1354 vel
798 1307 1216 1356 coniunctiones
1255 1305 1444 1369 docet,
1485 1313 1540 1354 et
1573 1305 1841 1354 transitus
1869 1301 2018 1351 sistit

356 1422 655 1480 perpetuos
700 1415 757 1463 in
795 1431 990 1485 magna
1035 1417 1394 1466 animantium
1433 1416 1613 1480 scala,
1670 1416 1726 1463 in
1773 1430 1880 1479 qua
1929 1411 2012 1460 di-

354 1541 517 1576 versa
551 1525 821 1576 mollusca
857 1533 913 1576 et
949 1527 1099 1576 inter
1136 1544 1213 1592 se,
1253 1528 1423 1578 variis
1463 1535 1519 1577 et
1552 1524 1862 1575 innumeris
1898 1524 2010 1572 affi-

353 1636 650 1700 nitatibus,
708 1637 1040 1702 cohaerent,
1103 1646 1158 1688 et
1212 1647 1404 1705 aperto
1450 1639 1671 1688 tramite
1719 1654 1843 1686 cum
1887 1634 2012 1685 aliis

348 1757 570 1814 ‘quoque
609 1748 971 1797 animantium
1008 1748 1273 1799 classibus
1312 1751 1463 1798 coire
1505 1749 1783 1800 videntur.

526 1856 636 1907 Sed
673 1858 912 1907 aliorum
951 1859 1116 1909 etiam
1154 1867 1470 1925 auctorum,
1510 1867 1734 1925 praeter
1771 1860 2008 1909 illustris

351 1966 418 2017 de
453 1968 717 2017 Ferussac
754 1969 979 2033 scripta,
1019 1969 1089 2019 ad
1125 1971 1351 2032 rectius,
1390 1971 1446 2018 in
1487 1970 1587 2020 hac
1626 1987 1768 2020 nova
1804 1986 2008 2037 synop-

350 2093 473 2127 seos
512 2077 776 2142 editione,
815 2077 1156 2144 disponenda
1188 2081 1475 2142 mollusca,
1515 2081 1743 2130 abhibui
1782 2089 1837 2131 et
1874 2098 2006 2131 con-

351 2188 518 2240 sului.
597 2188 662 2238 In
708 2189 900 2255 primis
945 2206 1081 2240 vero
1127 2190 1421 2240 clarissimi
1459 2190 1539 2240 de
1578 2191 2003 2244 Blainville

351 2297 719 2363 enchiridion,
757 2308 823 2349 ut
859 2309 1038 2366 vocat,
1076 2302 1532 2371 malacologicum
1570 2303 1623 2369 *)
1660 2304 1833 2353 multa
1868 2304 2006 2353 mihi

347 2411 628 2475 praestitit
667 2417 862 2462 notatu
899 2412 1065 2481 digna
1101 2431 1277 2480 neque
1317 2430 1347 2463 a
1377 2431 1462 2464 me
1491 2415 1772 2484 neglecta3
1812 2432 2001 2481 quam-

350 2536 512 2585 quam
575 2521 719 2570 enim
784 2522 1165 2589 dispositionis
1227 2526 1374 2576 viam
1439 2526 1505 2575 ab
1563 2525 1755 2576 eodem
1808 2528 2004 2577 initam

403 2724 744 2774 *)Manue1
776 2730 842 2771 de
874 2730 1316 2793 Malacologie
1350 2743 1396 2776 et
1428 2735 1494 2776 de
1525 2736 2001 2792 Conchyliolo-

516 2797 635 2855 gie.
697 2799 784 2839 Par
825 2798 880 2838 H.
923 2800 988 2840 M.
1021 2802 1158 2842 Ducr.
1203 2803 1255 2843 de
1285 2802 1540 2850 Blainvz'lle.
1599 2806 1726 2846 Paris
1773 2815 1821 2847 et
1850 2805 1998 2848 Stras-

514 2865 685 2925 boux-g,
719 2869 838 2913 1325.
870 2871 895 2914 8
926 2871 1062 2921 mai„
1102 2885 1210 2912 cum
1242 2873 1509 2926 figurarum
1542 2875 1850 2935 egregiarum
1882 2876 1998 2917 duo—-

513 2932 594 2973 bus
626 2936 884 2989 fasciculis,
919 2953 1127 2993 quorum
1157 2941 1344 2995 primus
1378 2944 1752 2999 comprehendit
1768 2946 1906 2993 XXX,
1929 2946 1998 2985 al-

514 3008 591 3041 ter
617 3004 787 3044 XXXV
816 3007 999 3049 tabulas
1045 3023 1237 3058 aeneas»,
1285 3011 1454 3052 ordine
1485 3020 1645 3054 tamen
1692 3014 1994 3070 incongruos

513 3070 811 3114 desideratur
845 3075 999 3117 adhuc
1041 3078 1212 3117 tertius
1242 3080 1517 3131 fasciculus,
1552 3081 1756 3120 XXXIX
1798 3084 1994 3136 tabulaS,

514 3138 564 3178 in
597 3153 741 3194 opere
775 3141 967 3186 iamiam
999 3144 1182 3195 citatas,
1212 3148 1293 3189 sed
1321 3150 1534 3193 nondum
1566 3149 1742 3200 editas,
1775 3166 1994 3209 compre-

513 3206 765 3253 henam-us.
