2069 3917
1632 175 1701 216 XI

53 339 109 381 et
144 348 210 382 ex
255 331 340 380 his
378 345 590 396 quoque
642 345 732 378 eas
775 335 1025 391 tantum,
1083 344 1314 394 quarum
1352 337 1513 396 typus
1551 332 1701 381 inter

50 443 295 494 viventia
330 440 510 490 adhuc
547 447 797 505 prostat3
855 439 1130 490 fossilium
1178 441 1325 489 enim
1361 441 1478 490 sive
1515 449 1698 507 petre·
1748 449 1753 455 ’

48 553 338 602 ficatorum
383 559 637 617 separata
681 549 820 599 mihi
865 558 982 615 est,
1042 567 1220 617 neque
1275 549 1466 600 eadem
1520 551 1703 615 exilis,

48 662 324 713 collectio,
423 660 648 728 Species
704 669 1052 711 enumeratas
1101 678 1288 711 omnes
1334 662 1604 713 revisioni
1647 669 1704 712 et

47 789 190 824 novo
228 772 469 823 examini
506 771 763 835 submisi,
804 778 965 837 atque
1004 773 1061 821 in
1101 772 1169 820 iis
1211 773 1319 821 rite
1356 771 1700 841 distinguen-

47 882 130 933 dis
168 890 225 933 et
253 884 566 933 nominibus
595 890 746 932 recte
775 880 1166 950 consignandis
1188 881 1435 932 studiose
1456 883 1699 932 incubui.

45 992 131 1043 Ad
167 993 226 1043 id
262 992 639 1064 peragendum
687 1010 798 1042 non
842 993 1040 1061 exigua
1092 991 1162 1041 ad
1206 1009 1397 1043 manus
1443 993 1582 1043 mihi
1620 1000 1705 1043 est

46 1104 347 1167 librorum,
398 1105 458 1153 in
504 1105 734 1171 propria
769 1103 1137 1167 bibliotheca,
1183 1104 1458 1169 supellex,
1504 1104 1633 1154 inde
1670 1121 1702 1155 a

46 1215 256 1280 primae
294 1212 557 1265 editionis
595 1223 846 1280 tempore·
884 1214 1073 1263 multis
1114 1214 1274 1264 novis
1299 1222 1481 1278 aucta,
1519 1215 1703 1281 inqua

46 1342 147 1376 nec
185 1325 619 1394 iconographica
663 1340 833 1390 opera
881 1324 1166 1389 complura
1209 1323 1316 1373 hoc
1353 1323 1597 1374 studium
1632 1324 1701 1373 il-

44 1436 338 1486 lustrantia
407 1435 623 1486 desunt.
747 1434 785 1485 S
808 1452 843 1501 y
863 1452 895 1482 n
921 1450 952 1484 o
972 1452 1007 1482 n
1027 1452 1064 1501 y
1082 1451 1135 1482 m
1158 1450 1189 1483 a
1257 1451 1281 1483 s
1302 1450 1334 1500 p
1357 1450 1385 1484 e
1405 1452 1433 1485 c
1455 1436 1476 1483 i
1496 1452 1525 1485 e
1546 1451 1576 1483 r
1595 1453 1633 1484 u
1651 1452 1703 1485 m

44 1555 208 1598 caute
269 1546 480 1615 selegi3
543 1547 828 1596 Linneana
882 1562 1016 1612 prae
1075 1543 1278 1594 ceteris
1331 1546 1702 1615 investigavi3

41 1660 228 1727 aliqua
264 1657 356 1707 hic
393 1658 573 1723 primo
614 1659 776 1707 iustis
815 1657 953 1707 locis
987 1657 1321 1725 subiungere
1349 1656 1489 1705 mihi
1524 1657 1700 1707 licuit.

41 1772 106 1821 In
142 1770 466 1837 synonymis
506 1767 882 1835 proponendis
922 1783 1138 1832 semper
1174 1765 1509 1816 ascendendi
1546 1784 1578 1817 a
1615 1783 1704 1816 re-

44 1882 389 1932 centioribus
427 1878 498 1929 ad
537 1878 854 1945 antiquiora
889 1877 1113 1926 nomina
1150 1874 1472 1926 methodum
1504 1892 1702 1943 sequu-

42 2003 130 2046 tus
168 2012 307 2048 sum.

215 2104 609 2157 Novarum
647 2101 1121 2167 specierum,
1160 2114 1392 2165 quarum
1428 2097 1568 2147 mihi
1604 2114 1706 2148 nec

44 2219 286 2282 nomina,
323 2233 426 2267 nec
464 2214 888 2280 descriptioneS,
927 2229 1104 2279 neque
1142 2211 1352 2280 figurae
1390 2210 1706 2272 innotuere,

46 2330 356 2398 diagnoseS,
393 2344 680 2377 mensuras
720 2334 776 2376 et
804 2327 1040 2392 patriam
1064 2325 1121 2372 in
1153 2319 1456 2389 appendice
1478 2322 1706 2387 synopsi

45 2457 259 2490 annexa
294 2438 563 2503 indicavi,
600 2445 657 2487 et
692 2439 917 2502 curabo,
955 2435 1119 2485 modo
1160 2433 1379 2483 occasio
1418 2434 1706 2494 offeratur,

47 2568 139 2606 eas
177 2551 404 2620 depingi
442 2558 497 2601 et
533 2552 592 2599 in
630 2550 913 2616 publicum
951 2547 1178 2598 deferri.

219 2662 473 2729 Denique
547 2660 843 2711 indicem
913 2674 1129 2726 quoque
1206 2653 1707 2720 alphabeticum

48 2772 563 2839 locupletissimum,
602 2773 825 2835 classes,
867 2769 1119 2832 ordines,
1159 2766 1508 2826 subordines,
1547 2765 1705 2813 fami-

47 2884 151 2933 lias
191 2890 246 2932 et
284 2898 490 2952 genera
527 2883 710 2932 omnia
748 2884 806 2930 in
844 2880 1072 2946 synopsi
1118 2878 1394 2943 exposita,
1441 2875 1705 2925 exhiben-

47 3002 192 3057 tem,
246 3009 423 3043 novae
476 2991 606 3041 huic
658 2991 902 3041 editione
950 2969 1161 3053 adieci,
1219 3002 1490 3054 speroque
1529 2987 1709 3054 ipsum

50 3121 162 3157 nou
198 3104 315 3154 sine
356 3101 644 3152 commodo
685 3110 739 3151 et
771 3101 1013 3150 utilitate
1057 3101 1197 3150 fore·

228 3213 417 3264 Restat
478 3221 539 3263 ut
593 3214 859 3263 nomina
913 3213 1216 3263 virorum
1281 3209 1359 3260 de
1420 3208 1709 3263 scientia

1178 3325 1344 3357 *Νι*
