2069 3917
1609 118 1656 160 V

3 269 520 336 observationibus,
577 271 636 320 in
691 268 967 320 ditissimo
1026 270 1316 321 literarum
1375 271 1659 338 thesaure,

2 399 164 449 quem
199 383 318 449 ipse
356 382 600 432 instituit
616 380 699 446 *)‚
745 381 1077 448 propositis,
1113 382 1303 431 multis
1342 400 1486 434 nunc
1523 385 1663 437 locis

4 491 294 544 emendata
331 500 388 543 et
411 499 569 542 aucta
602 492 1007 557 proficiscatur.
1082 492 1256 542 Hisce
1294 507 1432 543 vero
1477 511 1662 546 emen-

3 603 321 654 dationibus
358 611 416 654 et
450 602 759 673 augmentis
800 603 1054 653 omnibus
1081 603 1139 652 in
1167 601 1491 655 adornanda
1519 622 1666 658 nova

1 713 104 764 hac
141 730 446 781 synopseos
502 712 750 764 editione
800 729 912 763 non
971 714 1091 764 sine
1141 713 1426 765 uberrimo
1479 718 1669 769 fructu

2 841 138 876 usus
180 843 317 876 sum.

138 935 507 1004 Systematica
544 936 681 987 haec
722 943 780 987 et
815 935 1199 986 recentiorum
1226 938 1472 989 omnium
1505 956 1668 1007 prae..

1 1049 333 1099 stantiorum
370 1056 662 1098 auctorum
693 1046 1008 1114 dispositio,
1046 1065 1077 1098 a
1116 1048 1427 1100 clarissimo
1457 1051 1668 1105 Cuvier

1 1158 294 1224 inchoata,
342 1176 474 1226 prae
515 1159 803 1209 Linneana
849 1166 906 1208 et
943 1159 1175 1226 reliquis
1214 1161 1465 1225 pristinis
1502 1163 1563 1212 in
1599 1179 1666 1214 eo

2 1270 350 1335 potissimum
389 1270 712 1336 praecellit,
767 1268 912 1335 quod
949 1277 1124 1319 testae
1166 1277 1223 1319 et
1258 1272 1512 1322 animalis
1550 1290 1671 1324 eam

2 1380 368 1430 inhabitantis
408 1397 636 1447 aequam
672 1380 947 1430 rationem
979 1379 1196 1430 habeat.
1269 1381 1568 1434 Difficilior
1603 1401 1671 1436 ea

2 1490 226 1558 quidem
244 1498 329 1542 est
344 1490 653 1557 intellectu,
674 1508 836 1559 quam
853 1491 971 1544 sola
989 1499 1256 1543 testarum
1272 1493 1671 1562 consideratio,

173 1744 290 1786 dans
342 1743 556 1800 lesquels
588 1757 651 1787 on
699 1758 724 1785 a
752 1743 899 1787 etabli
930 1744 977 1786 la
1007 1745 1338 1789 concordance
1374 1747 1431 1790 de
1465 1755 1570 1791 tous
1602 1749 1673 1794 les

171 1812 411 1870 Systemes
453 1821 543 1856 etc.
589 1828 678 1870 par
716 1813 763 1854 le
809 1815 969 1857 Baron
1013 1816 1064 1856 de
1108 1814 1336 1857 Fe'russac.
1394 1818 1420 1858 a
1452 1818 1582 1860 Paris
1624 1828 1672 1864 et

174 1883 411 1928 Londres.
431 1880 598 1935 (1822.)
630 1882 853 1925 timai.-
883 1884 1071 1925 Partem
1089 1883 1184 1926 hoc
1211 1898 1346 1941 opus,
1378 1887 1507 1941 quod
1524 1888 1669 1932 etiam

172 1952 435 2009 separatim
477 1953 712 1994 venditur
725 1981 738 2003 ‚
784 1953 1039 1994 constituit
1084 1953 1247 2008 operis
1288 1954 1672 2010 splendidissimi

172 2029 221 2064 et
239 2021 543 2064 nitidissimis
561 2022 735 2079 figuris
754 2022 939 2063 ornati:
974 2021 1085 2063 His
1103 2028 1122 2062 t
1139 2035 1164 2063 o
1185 2022 1201 2062 i
1220 2037 1246 2063 r
1262 2036 1285 2062 e
1317 2037 1348 2064 n
1367 2032 1423 2066 at
1436 2041 1467 2065 u
1483 2041 1508 2067 r
1522 2040 1546 2068 e
1560 2025 1580 2067 1
1594 2026 1615 2067 1
1628 2041 1670 2080 e,

174 2091 480 2152 generale
516 2098 577 2133 et
606 2089 1088 2148 particuliere,
1121 2090 1227 2133 ‹les
1257 2091 1672 2151 Mollusques

170 2168 549 2204 terrestres
594 2169 654 2203 et
695 2160 1131 2214 fluviatile53
1173 2176 1263 2218 par
1307 2161 1374 2203 M.
1421 2161 1468 2206 le
1513 2166 1672 2209 Baron

172 2232 226 2274 de
254 2229 484 2276 Fe'russac.
515 2230 619 2272 XXI
649 2230 929 2273 Livraisons
959 2230 1048 2280 (de
1079 2228 1107 2274 6
1135 2229 1370 2287 planches
1401 2240 1449 2276 et
1482 2243 1533 2276 12
1550 2260 1601 2268 —-
1621 2234 1675 2282 16

170 2314 317 2362 pages
349 2301 406 2344 de
436 2297 613 2349 texte).
643 2302 672 2343 a
701 2299 847 2346 Paris.
883 2301 1169 2357 1819—18214.
1201 2300 1292 2346 fol.

90 2434 143 2490 *)
174 2438 488 2483 Bulletin
521 2440 796 2500 general
827 2448 888 2483 et
915 2439 1271 2483 universel
1302 2440 1402 2483 des
1434 2455 1674 2485 annon·

175 2524 277 2552 ces
322 2516 383 2552 et
425 2508 529 2552 des
570 2509 923 2552 nouvelles
969 2509 1476 2566 scientifiques,
1507 2512 1674 2569 publie

174 2593 284 2623 sous
315 2579 364 2621 la
393 2579 640 2623 direction
669 2580 726 2622 de
761 2580 828 2622 M.
862 2579 908 2622 le
939 2581 1098 2622 Baron
1127 2580 1179 2621 de
1210 2578 1441 2626 Fe'russac.
1474 2583 1496 2623 a
1529 2581 1674 2624 Paris.

176 2653 300 2693 1823,
337 2649 389 2690 in
418 2650 526 2700 8vo,
555 2649 648 2691 XII
678 2649 935 2701 fasciculi;
964 2650 1080 2692 inde
1109 2656 1269 2691 autem
1301 2650 1355 2692 ab
1389 2664 1512 2692 anno
1548 2654 1671 2701 1824,

175 2719 227 2760 in
256 2718 389 2761 hunc
432 2733 584 2773 usque
614 2718 745 2760 diem
761 2748 775 2769 ,
822 2720 905 2762 sub
950 2720 1124 2761 iisdem
1157 2719 1385 2773 auspiciis
1414 2720 1674 2775 separatim

174 2788 388 2844 prodiit:
435 2788 737 2830 Bulletin
782 2789 885 2831 des
931 2789 1224 2830 sciences
1254 2787 1673 2834 natm-elles.

176 2858 202 2898 a
232 2856 359 2898 Paris
374 2886 389 2906 ,
425 2856 715 2916 Strasbourg
746 2865 793 2898 et
824 2857 1040 2899 Londres
1053 2886 1067 2903 ‚
1118 2856 1252 2897 cuius
1295 2857 1550 2912 quotannis
1581 2858 1675 2900 XII

171 2925 384 2968 eduntur
398 2926 638 2976 fasciculi,
669 2927 833 2968 eadem
860 2928 1017 2967 forma
1038 2930 1138 2970 tiva.
1201 2926 1326 2983 Opus
1345 2939 1453 2967 sane
1471 2927 1674 2969 utilissi-

176 3009 309 3036 mum
343 3001 389 3036 et
422 3009 515 3049 quo
549 2994 843 3036 naturalium
876 3009 1040 3036 rerum
1059 2994 1294 3037 studiosus
1325 2995 1490 3038 nullus
1508 3010 1672 3039 carere
1732 3013 1735 3015 ·

176 3071 350 3121 potest,
382 3063 434 3104 in
466 3077 560 3118 quo
592 3063 735 3105 etiam
766 3063 1115 3106 molluscorum
1142 3064 1392 3106 scientiam
1411 3065 1677 3121 spectantia

179 3132 426 3189 quaelibet
445 3163 460 3183 ,
496 3132 973 3189 quamplurimorum
1004 3134 1334 3177 recentiorum
1365 3135 1679 3191 scriptorum,

179 3216 299 3258 quae
331 3202 507 3259 ubique
541 3203 669 3246 edita
698 3211 836 3254 sunt,
871 3211 1184 3247 recensentur
1214 3211 1262 3247 et
1298 3203 1582 3248 lustrantur.
