2069 3917
36 45 62 92 0³

0 99 73 148 πει(

0 204 180 246 ,μυᾪζεεῑ

465 654 775 708 LECTORI
830 651 1198 705 SALUTEM,

4 914 242 994 Primae
282 939 545 991 editionis
583 939 747 989 huius
781 953 1086 1006 synopseos
1125 936 1472 987 methodicae
1518 932 1668 985 Mol-

1 1052 320 1117 luscorum‚
375 1051 541 1102 modo
597 1059 722 1101 ante
778 1051 1064 1100 biennium
1109 1049 1328 1115 publice
1369 1047 1669 1109 exhibitae,

4 1164 410 1231 exemplaribus
475 1164 639 1213 citius
697 1179 858 1229 quam
930 1177 1283 1228 speraveram
1348 1159 1671 1223 consumtis»,

3 1276 181 1326 altera
217 1277 327 1324 iam
364 1273 554 1342 prodit
591 1273 803 1338 editio,
852 1281 908 1323 et
955 1273 1096 1322 haec
1138 1270 1362 1338 quidem
1399 1287 1512 1320 non
1548 1277 1670 1320 tan-

5 1394 123 1436 tum
162 1387 380 1439 auctior
418 1386 671 1434 omnibus
711 1384 976 1445 numeris,
1016 1380 1114 1431 sed
1151 1380 1498 1430 emendatior
1536 1396 1672 1446 quo-

3 1515 107 1564 que
145 1497 335 1547 multis
372 1498 429 1545 in
479 1495 637 1546 locis.
713 1497 904 1546 Licuit
941 1495 1122 1558 enim,
1181 1510 1248 1543 ex
1294 1509 1360 1542 eo
1400 1499 1671 1557 tempore⁷

2 1610 155 1660 viros
194 1608 387 1660 doctos
428 1617 484 1659 et
519 1624 694 1660 novos
721 1615 979 1658 auctores
1011 1605 1323 1668 consulere,
1363 1604 1537 1654 libros
1578 1602 1672 1653 de-

3 1720 276 1772 sideratos
317 1728 462 1785 ante,
501 1721 592 1772 vel
631 1722 864 1770 omissos
894 1720 1190 1784 inspicere,
1229 1732 1419 1766 musea
1452 1714 1674 1781 publica

5 1842 62 1883 et
98 1834 462 1883 collectiones
501 1834 746 1898 privatas
785 1833 1060 1897 lustr-areg
1100 1838 1392 1897 praeterea
1413 1828 1675 1893 proprius

8 1962 199 1994 rerum
258 1944 595 1992 naturalium
648 1944 942 1994 thesaurus
999 1956 1336 2011 magnopere
1393 1938 1675 2004 accrevit3

7 2064 63 2106 et
108 2056 188 2104 ita
233 2053 457 2120 quidem
505 2057 724 2104 occasio
770 2056 910 2103 mihi
956 2054 1082 2104 data
1130 2053 1238 2101 fuit
1289 2053 1550 2118 copiosa,
1608 2050 1676 2101 ad

7 2167 272 2217 dilectum
312 2166 712 2215 molluscorum
744 2165 989 2216 studium
1028 2162 1305 2213 curiosius
1344 2172 1401 2213 et
1437 2163 1673 2232 diligen-

6 2281 116 2329 tius
155 2277 626 2344 pertractandum.
702 2277 765 2327 Id
803 2284 866 2327 ut
907 2276 1014 2325 rite
1054 2277 1296 2325 facerem
1334 2275 1544 2324 nullam
1582 2290 1675 2324 oc-

9 2392 287 2442 casionem
345 2389 602 2458 neglexi3
661 2405 769 2456 quo
823 2389 919 2452 fit,
976 2396 1040 2436 ut
1097 2403 1242 2436 nunc
1294 2403 1405 2436 non
1458 2387 1677 2436 inanem

12 2504 226 2553 musei
272 2502 383 2551 mei
432 2501 757 2566 indicem,
806 2499 903 2551 sed
942 2499 1187 2548 numeris
1228 2499 1368 2561 suis,
1416 2506 1678 2565 quantum

7 2615 133 2665 fieri
151 2615 351 2681 potuit,
371 2614 687 2664 absolutum
719 2613 757 2664 S
779 2634 812 2682 y
834 2632 857 2664 s
878 2622 900 2664 t
918 2631 945 2662 e
969 2632 1020 2662 m
1040 2631 1070 2662 a
1108 2612 1457 2678 potissimum
1493 2610 1556 2659 M
1577 2624 1608 2658 o
1630 2610 1675 2657 1-

9 2726 176 2776 lusc
199 2743 230 2775 ο
252 2743 409 2775 rum
448 2726 550 2776 hac
589 2728 817 2792 synopsi
851 2726 1157 2776 exhibeam.

186 2836 250 2886 M
271 2855 301 2886 ο
324 2838 342 2886 l
365 2838 383 2885 l
404 2856 439 2886 u
461 2856 484 2886 s
506 2856 533 2887 c
556 2855 585 2886 a
606 2876 620 2902 ‚
687 2838 756 2887 ad
822 2854 1071 2886 normam
1130 2834 1381 2885 methodi
1443 2833 1680 2883 illustris

12 2947 154 2998 L.B.
179 2948 243 2998 G.
286 2948 591 3012 Cuvier‚
630 2950 829 2997 summi
865 2950 924 2996 in
963 2945 1351 3015 cognoscendo
1393 2953 1449 2995 et
1487 2945 1678 3011 dispo-

14 3058 196 3109 nendo
231 3059 411 3124 amplo
445 3060 806 3110 animantium
832 3074 1006 3128 regno
1037 3059 1282 3109 auctoris
1302 3057 1383 3124 ³⁹¹),
1422 3057 1681 3108 animalia

102 3269 263 3318 ²¹¹)Le
324 3270 546 3328 fleg-ne
607 3268 845 3311 animal
904 3269 1221 3312 distribue}
1283 3268 1532 3325 d'aprfis
1579 3280 1685 3309 son

1208 3357 1281 3389 affl*
