2069 3917
535 370 604 419 Et
662 369 740 418 ita
789 366 1011 435 quidem
1061 367 1248 418 multis
1302 366 1438 416 locis
1487 364 1897 415 emendationes
1953 370 2008 412 et

359 488 650 551 augmenta
688 480 746 528 in
784 481 903 545 ipsa
943 480 1298 545 systematica
1336 478 1734 528 molluscorum
1772 475 2008 540 disposi-

359 592 512 642 tione
548 606 723 641 novae
761 590 891 640 huic
929 606 1229 656 synopseos
1268 589 1506 640 editioni
1543 588 1917 655 contigerunt.

531 701 828 751 Praeterea
865 701 1398 765 inscriptionum
1434 699 1711 764 partium,
1752 696 2012 746 ordinum

358 819 491 879 puto
521 819 577 862 et
606 812 960 876 familiarum,
990 810 1575 860 denominationes
1608 807 1775 857 certis
1802 807 2011 875 regulis

359 923 728 993 grammaticis
767 922 1089 986 construxi,
1128 928 1329 970 neutro
1371 936 1599 990 genere,
1638 934 1748 967 non
1787 925 1850 966 ut
1886 924 2012 965 ante

359 1034 662 1096 feminino,
721 1032 1057 1080 familiarum
1101 1032 1324 1080 nomina
1370 1029 1627 1092 reddidi,
1687 1030 1907 1079 scilicet
1945 1027 2014 1076 ad

356 1143 617 1193 animalia
667 1141 936 1191 mollusca
974 1141 1304 1206 referenda,
1362 1149 1420 1191 et
1466 1156 1771 1208 synonyma
1824 1139 2012 1206 Syste-

355 1254 687 1303 maticorum
723 1249 932 1303 addidi.

526 1361 845 1411 Familias
893 1362 1190 1430 generibus
1236 1361 1578 1412 abundantes
1625 1376 2015 1426 nonnunquam

356 1488 457 1537 per
485 1473 697 1522 series
736 1470 986 1536 (tribus
1026 1475 1231 1522 rectius
1261 1472 1517 1538 dixerim,
1552 1480 1608 1522 et
1647 1472 1864 1522 seriei
1901 1479 2014 1520 ter-

354 1585 563 1633 minum
612 1598 714 1649 pro
766 1582 1079 1633 dividendis
1140 1585 1435 1653 generibus
1484 1583 1845 1650 amplioribus
1897 1597 2013 1631 ser-

354 1711 487 1745 vare
531 1711 675 1743 nunc
712 1693 1084 1759 praeferrem)
1123 1693 1347 1762 digessi.

527 1804 788 1853 Genera
825 1803 1224 1854 mulluscorum
1260 1812 1391 1853 nota
1431 1805 1614 1853 omnia
1649 1804 1707 1852 in
1745 1803 1848 1853 hac
1886 1819 2013 1868 syn-

356 1913 478 1977 opsi
533 1911 795 1976 exhibui,
867 1929 1103 1978 quorum
1155 1931 1329 1980 pauca
1382 1915 1575 1980 dubia3
1649 1929 2015 1981 synonyma

356 2038 675 2091 generum
724 2031 884 2072 caute
938 2032 994 2074 et
1041 2025 1320 2074 uberrime
1359 2024 1690 2093 indigitavi,
1743 2025 2014 2090 imprimis

355 2132 620 2182 Retziana
643 2170 658 2197 ,
716 2130 1129 2184 Montfortiana
1183 2143 1239 2185 et
1293 2134 1829 2199 Schumacheriana,
1887 2142 2013 2184 ante

356 2242 645 2312 neglecta3
693 2243 876 2310 aliqua
913 2245 1216 2310 ampliora,
1273 2245 1342 2295 ad
1379 2244 1730 2296 indicandam
1766 2261 2016 2295 normam

356 2351 765 2403 distributionis
805 2357 1150 2420 specierum,
1198 2359 1258 2405 in
1294 2363 1479 2422 partes
1519 2355 1712 2420 divisi,
1769 2363 1825 2405 et
1862 2355 2014 2404 hisce

355 2464 607 2529 partibus
653 2481 1060 2530 nonnumquam
1107 2468 1332 2516 nomina
1383 2467 1615 2531 praefixi
1663 2466 2012 2516 characteres

355 2572 677 2624 indicantia.

527 2682 810 2749 Species
841 2702 931 2735 eas
960 2693 1175 2735 tantum
1198 2686 1256 2735 in
1283 2685 1385 2736 hac
1415 2689 1642 2753 synopsi
1670 2691 2012 2752 enumeravi,

355 2807 487 2856 quas
540 2794 596 2841 in
634 2796 864 2860 proprio
917 2813 1106 2845 rerum
1143 2797 1480 2847 naturalium
1532 2814 1722 2848 museo
1760 2798 2012 2863 adservo‚

522 2930 652 2979 (cum
682 2947 734 2972 v1
754 2933 876 2978 tabb.
897 2931 1025 2983 aen.)
1057 2935 1138 2976 ins
1172 2936 1349 2995 Kongl.
1372 2935 2012 2994 Vetenskaps-Academiens

525 2998 834 3059 ‘Handlingar
862 3004 943 3043 for
972 3004 1041 3044 Ar
1072 3008 1193 3051 1827-⁸
1239 3004 1545 3051 Stockholm.
1591 3009 1711 3050 1828.
1743 3009 1781 3046 8.
1812 3019 1860 3061 Ρ.
1893 3008 2011 3047 85-

523 3069 629 3117 1555
663 3077 815 3109 exstat
845 3071 988 3112 etiam
1022 3087 1232 3114 seorsum
1250 3074 1500 3130 impressa,
1534 3075 1616 3116 sub
1646 3074 1814 3115 eodem
1845 3074 2010 3124 titulo,

521 3135 839 3186 Stockholm,
872 3139 1062 3194 Try-ckt
1091 3141 1176 3182 hos
1196 3143 1243 3185 P.
1262 3144 1317 3187 A.
1336 3144 1567 3185 Norstedt
1596 3150 1643 3184 et
1671 3141 1839 3186 Seuer.
1892 3146 2010 3188 1828.

520 3207 563 3246 8.
593 3215 645 3252 71
677 3219 818 3264 pag-g.
864 3214 913 3247 et
941 3222 992 3247 vx
1025 3209 1147 3253 tabb.
1180 3224 1318 3261 aem,
1370 3210 1647 3271 germanica
1688 3212 1912 3255 version-e
1958 3213 2008 3253 in

515 3273 777 3328 ‘clarissimi
811 3274 935 3316 Oken
965 3276 1108 3321 Iside.
1144 3280 1260 3321 1850.
1291 3281 1387 3330 «fist.
1408 3290 1444 3322 1.
1481 3294 1523 3334 p·
1555 3282 1603 3322 51
1623 3288 1757 3335 -91.
