2069 3917
337 205 456 247 XIV

506 357 802 409 Praeterea
838 353 994 408 Lud.
1035 349 1388 415 Parreyrs‚
1427 364 1614 399 rerum
1649 349 1986 400 naturalium

333 468 667 538 negotiator,
679 463 1146 525 VindobonensiS,
1166 475 1266 509 sua
1283 460 1616 510 auctoritate
1641 459 1989 529 consignavit

337 576 592 642 (michi
628 577 917 643 apposuit)
955 573 1163 639 species
1202 568 1514 634 complures
1552 571 1617 620 ab
1657 571 1778 635 ipso
1817 570 1987 620 lectas

334 687 579 754 mihique
617 688 841 746 missas,
903 700 1033 750 quas
1070 680 1259 730 nescio
1297 687 1485 730 utrum
1518 681 1693 747 ipsius
1732 696 1800 729 an
1838 678 1989 729 docti

336 797 619 848 cuiusdam
654 791 1101 847 Vindobonensis
1140 791 1463 841 auctoritati
1501 790 1826 843 debeantur.

505 907 883 972 Proprium
927 908 1286 952 testarum
1331 903 1507 952 musei
1542 903 1654 952 mei
1690 900 1986 950 thesau-

336 1035 473 1069 rum
493 1019 620 1069 inde
636 1018 850 1084 aprima
866 1028 1166 1080 synopseos
1184 1013 1429 1064 editione
1448 1028 1782 1085 magnopere
1800 1025 1988 1061 accre-

331 1130 476 1180 visse
495 1128 770 1194 quaelibet
790 1140 1090 1191 synopseos
1111 1125 1312 1193 pagina
1335 1132 1589 1179 testatur.
1662 1123 1988 1180 Amicorum

333 1238 437 1287 hoc
474 1245 530 1287 et
566 1239 844 1286 fautorum
880 1235 1243 1304 benignitati,
1299 1243 1357 1286 et
1407 1252 1596 1285 rerum
1649 1232 1988 1284 naturalium

332 1348 738 1417 negotiatorum
757 1344 1064 1397 industriae
1097 1346 1483 1413 tribuendum3
1521 1354 1584 1396 ut
1611 1346 1757 1396 enim
1784 1343 1985 1393 multas

331 1464 582 1524 acceptas
634 1459 819 1507 refero
863 1457 1183 1523 praeclarae
1218 1457 1572 1509 Serenissimi
1610 1457 1777 1505 Prin
1795 1456 1906 1520 cip
1924 1454 1944 1503 i
1961 1471 1986 1504 s

328 1564 825 1617 Maximiliani
861 1583 893 1617 a
922 1566 1133 1622 Wied
1170 1568 1612 1632 benevolentiae,
1649 1567 1745 1635 qui
1777 1582 1988 1630 omnes,

329 1693 461 1743 quas
496 1678 611 1744 ipse
670 1693 737 1727 ex
788 1678 992 1729 itinere
1048 1678 1107 1727 in
1154 1680 1448 1730 Brasiliam
1489 1682 1637 1731 facto
1674 1677 1989 1746 reportavit

325 1788 722 1839 molluscorum
760 1797 964 1853 testas,
1009 1789 1323 1841 liberaliter
1358 1790 1596 1861 largitus
1635 1798 1753 1855 est,
1807 1796 1865 1839 et
1899 1789 1986 1837 in-

324 1898 470 1967 signi
522 1899 725 1950 nobilis
779 1901 1016 1970 virginis
1057 1900 1194 1951 Rus
1213 1919 1237 1951 s
1254 1901 1349 1966 el,
1409 1902 1468 1950 in
1519 1901 1670 1955 New
1721 1898 1986 1964 Bedford,

324 2011 644 2076 provinciae
670 1987 1137 2076 Massachusetts,
1175 2011 1532 2076 liberalitati,
1579 2028 1748 2079 quae,
1783 2011 1984 2061 auxili-

326 2127 454 2170 ante
504 2121 844 2191 benignitate
893 2122 1208 2175 suavissimi
1238 2122 1386 2173 Alb.
1423 2122 1658 2188 Motz,
1713 2120 1986 2191 Burdiga-

329 2229 518 2295 lensiS,
554 2231 1056 2298 pulcherrimarum
1091 2241 1362 2285 testarum
1399 2250 1466 2284 ex
1505 2249 1712 2285 oceano
1751 2233 1985 2299 pacifico

330 2341 788 2409 collectionibus,
826 2345 1081 2412 repetitis
1117 2346 1368 2408 vicibuS,
1416 2345 1680 2408 donavit,
1734 2361 1837 2394 nec
1877 2361 1987 2394 non

329 2453 786 2519 coniunctissimi,
808 2453 939 2505 dum
957 2456 1195 2518 viveret,
1237 2456 1290 2510 b.
1324 2456 1373 2507 D
1388 2457 1462 2510 it.
1503 2455 1602 2507 He
1621 2473 1656 2504 n
1673 2471 1720 2508 r.
1742 2455 1781 2504 F
1798 2471 1869 2505 re
1885 2472 1908 2504 s
1928 2471 1986 2518 e,

328 2562 423 2627 qui
456 2562 885 2631 PortoricenseS,
920 2567 987 2617 ab
1023 2568 1143 2634 ipso
1180 2567 1371 2632 lectaS,
1404 2568 1577 2635 misit,
1614 2574 1672 2617 et
1709 2566 1985 2616 excellen-

328 2671 572 2723 tissimae
612 2676 846 2727 feminae
885 2678 961 2728 ab
998 2678 1046 2728 A
1064 2695 1100 2726 n
1114 2678 1272 2728 thin
1289 2695 1324 2748 g
1343 2714 1358 2738 ,
1397 2693 1535 2744 quae
1555 2678 1612 2726 in
1636 2677 1819 2727 insula
1836 2677 1986 2743 lava,

332 2779 398 2828 ab
436 2782 554 2845 ipsa
588 2783 758 2835 lectas
797 2805 1011 2840 mecum
1043 2788 1489 2850 communicavit,
1527 2786 1770 2854 itemque
1808 2787 1984 2838 domi-

332 2908 434 2942 nae
492 2894 533 2942 A
550 2912 620 2943 m.
681 2896 776 2946 Bu
793 2915 820 2948 c
838 2897 874 2948 h
894 2935 910 2962 ,
961 2916 1100 2966 quae
1157 2901 1327 2951 maris
1379 2899 1720 2969 germanici,
1771 2896 1986 2948 insulae

334 3000 668 3069 Norderney
716 3020 840 3056 oras
897 3010 1329 3062 circumfluentis
1351 3048 1366 3076 ,
1425 3018 1682 3061 contenta
1736 3008 1984 3077 collegit,

331 3109 601 3160 laudanda
623 3130 834 3179 quoque
862 3125 945 3166 est
976 3118 1259 3171 doctorum
1280 3130 1336 3172 et
1357 3121 1812 3171 amicissimorum
1831 3121 1982 3169 viro-

333 3236 454 3270 rum
482 3237 614 3290 erga
643 3239 727 3272 mc
754 3222 1138 3280 benevolentia
1163 3232 1204 3281 I.
1225 3233 1328 3287 W.
1350 3233 1424 3282 ab
1446 3232 1491 3282 A
1507 3231 1558 3281 lt
1573 3246 1601 3280 e
1618 3248 1680 3292 n,
1702 3229 1767 3280 G.
1786 3229 1828 3277 Β
1843 3245 1915 3279 en
1933 3245 1983 3292 z,
