2912 4368
1684 436 1729 477 V

88 582 602 647 observationibuS,
660 583 717 631 in
772 581 1047 632 ditissimo
1105 583 1393 635 literarum
1451 586 1733 654 thesauro,

86 710 248 760 quem
283 694 401 759 ipse
439 693 682 742 instituit
698 692 780 757 ²4¹),
826 693 1156 759 propositis,
1193 696 1380 743 multis
1419 714 1561 748 nunc
1598 700 1737 752 locis

88 802 377 854 emendata
414 811 470 853 et
494 810 651 853 aucta
685 803 1086 868 proficiscatur.
1162 804 1334 853 Hisce
1373 820 1508 855 vero
1553 824 1735 859 emen-

87 913 404 964 dationibus
442 921 498 963 et
533 913 840 983 augmentis
882 914 1133 963 omnibus
1161 914 1218 962 in
1247 913 1567 966 adornanda
1596 935 1740 970 nova

86 1022 189 1073 hac
226 1040 529 1090 synopseos
585 1022 831 1074 editione
882 1039 993 1072 non
1052 1024 1170 1073 sine
1221 1024 1503 1076 uberrimo
1556 1030 1744 1080 fructu

88 1151 222 1184 usus
265 1152 400 1185 sum.

223 1244 590 1312 Systematica
627 1245 762 1295 haec
804 1252 861 1295 et
897 1245 1277 1294 recentiorum
1305 1248 1549 1298 omnium
1582 1266 1743 1316 prae-

86 1357 416 1406 stantiorum
453 1364 743 1406 auctorum
775 1355 1088 1422 dispositio,
1126 1373 1156 1406 a
1195 1356 1504 1408 clarissimo
1534 1360 1743 1413 Cuvier

86 1466 377 1531 inchoata,
426 1484 557 1533 prae
598 1467 884 1516 Linneana
930 1474 986 1515 et
1024 1467 1253 1533 reliquis
1292 1470 1541 1533 pristinis
1579 1472 1638 1520 in
1675 1487 1740 1522 eo

87 1577 433 1641 potissimum
473 1577 793 1643 praecellit,
849 1575 992 1642 quod
1029 1584 1203 1626 testae
1245 1584 1301 1626 et
1337 1579 1588 1629 animalis
1626 1598 1746 1632 eam

87 1686 452 1736 inhabitantis
492 1703 718 1753 aequam
755 1688 1027 1737 rationem
1060 1686 1274 1736 habeat.
1348 1688 1644 1740 Difficilior
1680 1708 1747 1743 ea

88 1796 310 1863 quidem
329 1804 413 1847 est
428 1796 735 1862 intellectu,
757 1814 917 1864 quarn
934 1798 1051 1849 sola
1070 1805 1334 1849 testarum
1351 1799 1746 1868 consideratio,

258 2049 374 2091 dans
426 2048 638 2104 lesquels
671 2062 733 2091 on
781 2063 806 2089 a
834 2048 980 2090 etabli
1011 2049 1057 2090 la
1087 2050 1416 2092 concordanee
1452 2052 1508 2093 de
1542 2060 1646 2095 tous
1678 2053 1747 2097 les

256 2117 494 2174 Systemes
537 2125 626 2160 etc.
672 2131 760 2173 par
798 2116 845 2158 le
890 2119 1049 2160 Baron
1094 2120 1144 2160 de
1188 2118 1413 2160 Fe'russac.
1471 2122 1497 2161 a
1530 2121 1657 2163 Paris
1699 2131 1746 2166 et

259 2187 494 2231 Londres.
514 2184 680 2238 (1822.)
712 2190 737 2227 li
754 2185 863 2227 mai.
881 2211 934 2217 -—
964 2187 1150 2228 Partem
1168 2187 1262 2229 hoc
1289 2201 1423 2243 opus,
1455 2190 1582 2243 quod
1600 2191 1743 2234 etiam

257 2255 518 2312 separatim
560 2256 794 2297 venditur
807 2284 820 2305 ‚
867 2256 1119 2297 constituit
1164 2256 1325 2311 operis
1367 2256 1747 2311 splendidissimi

258 2331 305 2366 et
323 2323 626 2366 nitidissimis
644 2324 817 2381 figuris
836 2324 1020 2365 ornati:
1055 2325 1097 2364 H
1114 2324 1128 2363 i
1147 2340 1164 2363 s
1183 2331 1201 2364 t
1219 2338 1243 2365 0
1265 2324 1279 2364 i
1299 2339 1324 2365 r
1340 2338 1363 2364 e
1395 2339 1426 2365 n
1445 2334 1544 2367 atu
1560 2343 1585 2368 r
1599 2327 1745 2381 elle,

259 2394 563 2454 generale
600 2401 660 2435 et
689 2391 1168 2450 particuliere,
1201 2392 1306 2434 (les
1336 2393 1748 2451 Mollusques

256 2470 632 2505 terrestres
678 2471 736 2504 et
778 2461 1211 2514 fluviatiles3
1253 2477 1342 2518 par
1386 2461 1452 2503 M.
1499 2462 1546 2506 le
1590 2467 1747 2509 Baron

258 2533 311 2575 de
339 2531 568 2577 Fe'russac.
599 2531 702 2573 XXI
732 2532 1010 2574 Livraisons
1040 2531 1128 2580 (de
1160 2529 1187 2574 6
1215 2530 1448 2587 planches
1480 2541 1527 2575 et
1559 2543 1610 2576 12
1627 2560 1677 2567 -
1698 2534 1750 2581 16

256 2615 402 2662 pages
434 2602 490 2644 de
521 2598 696 2649 texte).
726 2603 754 2643 a
784 2600 929 2646 Paris.
964 2602 1249 2656 1819—18214.
1281 2600 1371 2645 fol.

176 2735 228 2790 *)
260 2739 572 2783 Bulletin
605 2740 878 2799 general
910 2747 969 2782 et
996 2738 1350 2782 universel
1381 2739 1480 2781 des
1513 2754 1750 2783 annon-

261 2823 362 2852 ces
408 2816 468 2851 et
510 2808 613 2851 des
654 2809 1004 2852 nouvelles
1051 2808 1554 2863 scientifiques,
1585 2810 1749 2866 publie

260 2893 369 2922 sous
400 2878 448 2920 la
478 2878 723 2922 direction
753 2879 809 2921 de
843 2879 910 2920 M.
945 2878 990 2920 le
1021 2880 1178 2920 Baron
1208 2879 1259 2918 de
1290 2876 1519 2923 Fe‘russac.
1552 2881 1573 2920 ὲ
1607 2878 1749 2920 Paris.

262 2952 385 2992 1825.
423 2948 474 2988 in
503 2949 610 2998 8vo,
639 2948 732 2989 XII
762 2947 1016 2999 fasciculi3
1046 2948 1160 2989 inde
1189 2954 1348 2988 autem
1381 2947 1433 2988 ab
1468 2960 1588 2988 anno
1625 2950 1747 2996 1824,

261 3018 313 3058 in
342 3017 473 3059 hunc
517 3031 667 3071 usque
700 3016 828 3058 diem
844 3046 858 3066 ,
905 3018 986 3059 sub
1032 3018 1204 3058 iisdem
1237 3016 1462 3069 auspiciis
1493 3016 1750 3070 separatim

260 3087 472 3142 prodiit:
520 3085 819 3127 Bulletin
865 3087 967 3128 des
1013 3085 1303 3126 sciences
1334 3083 1749 3128 naturelles.

262 3156 288 3195 a
318 3154 444 3195 Paris
459 3183 473 3203 ,
510 3153 797 3213 Strasbourg
830 3162 875 3195 et
907 3154 1120 3195 Londres
1135 3182 1147 3198 ‚
1198 3152 1331 3192 cuius
1375 3152 1627 3207 quotannis
1658 3153 1750 3195 XII

258 3223 468 3265 eduntur
483 3223 721 3272 fasciculi,
752 3223 915 3263 eadem
942 3224 1098 3263 for-ma
1119 3226 1218 3264 ssva.
1281 3222 1404 3277 Opus
1424 3234 1530 3261 sane
1549 3222 1750 3262 utilissi-

263 3306 394 3332 mum
428 3298 474 3332 et
507 3305 599 3345 quo
633 3291 925 3332 naturalium
958 3305 1121 3331 rerum
1141 3290 1373 3331 studiosus
1405 3289 1568 3332 nullus
1587 3303 1748 3331 carere

262 3367 435 3417 potest,
467 3359 518 3400 in
551 3373 643 3414 quo
677 3360 818 3400 etiam
849 3358 1195 3401 molluscorum
1223 3359 1471 3400 scientiam
1490 3358 1752 3414 spectantia

266 3429 511 3484 quaelibet
531 3458 545 3478 ,
581 3428 1054 3484 quamplurimorum
1087 3429 1413 3470 recentiorum
1445 3428 1754 3483 scriptorum,

266 3512 384 3553 quae
417 3497 591 3553 ubique
626 3498 752 3540 edita
782 3506 888 3540 sunt
906 3526 918 3547 ,
954 3505 1264 3540 recensentur
1295 3504 1341 3540 et
1378 3496 1659 3539 lustrantur.
