2069 3917
345 135 418 176 lv

345 287 560 354 appello
599 289 870 340 vertebris
915 298 971 341 et
1018 291 1267 342 articulis
1309 290 1588 349 destituta,
1626 287 1984 338 circulatione

343 413 477 448 vero
529 397 821 449 humorum
886 399 1126 467 duplici,
1202 399 1368 451 corde
1430 404 1685 464 peracta,
1765 398 1989 466 organis

344 507 701 573 respirationi
770 511 1200 563 inservientibus
1266 507 1679 575 peculiaribus,
1748 508 1991 558 medulla

346 635 548 670 nervea
585 619 821 685 simplici
874 618 1015 684 (non
1047 618 1314 683 nodosa),
1375 631 1611 681 corpore
1668 617 1993 685 gelatinOSO,

348 728 515 794 pallio
562 729 921 795 utplurimum
967 731 1180 792 cincto,
1245 733 1341 776 aut
1385 725 1534 775 nudo
1583 733 1676 775 aut
1720 734 1861 776 testa
1908 728 1992 775 in-

347 845 588 900 structO,
629 838 894 903 praedita.
966 839 1043 887 Ea
1070 853 1224 900 vero,
1252 837 1309 886 in
1343 843 1642 903 systemate
1683 837 1748 886 ab
1787 837 1996 886 illustri

347 947 472 998 viro
525 947 815 1012 inchoato,
872 948 1020 998 inter
1071 955 1310 1014 quatuor
1353 947 1645 1012 primarias
1702 947 1996 1010 sectione8‚

350 1073 451 1122 per
485 1074 617 1123 quas
650 1074 880 1126 regnum
914 1058 1173 1124 animale,
1209 1056 1593 1109 descendendo
1631 1074 1663 1107 a
1696 1058 1997 1124 perfectio-

352 1166 502 1215 ribus
567 1165 636 1215 ad
681 1167 893 1232 infima,
951 1167 1273 1235 distribuit,
1345 1168 1641 1219 secundam
1697 1168 2001 1220 sectionem

350 1275 711 1327 constituunt.

516 1384 584 1435 In
637 1389 1160 1452 systematica
1213 1388 1798 1440 Molluscorum
1849 1387 2002 1439 dis-

351 1510 382 1558 p
406 1494 647 1545 ositio
670 1513 704 1545 n
726 1514 755 1547 e
792 1497 1067 1549 illustrem
1097 1499 1157 1549 L.
1181 1498 1240 1548 Β.
1280 1499 1355 1549 de
1393 1501 1738 1564 Ferussac,
1778 1499 2003 1550 hodier-

351 1618 548 1655 norum
593 1605 757 1659 huius
810 1608 982 1658 studii
1031 1616 1406 1660 scrutatorum
1459 1610 1624 1660 facile
1677 1611 2003 1676 principem,
2052 1613 2060 1618 “

352 1711 545 1765 ducem
581 1717 765 1769 habui.
856 1719 1130 1770 Methodo
1171 1719 1571 1785 descendente,
1626 1722 1720 1787 qui
1759 1720 2004 1770 celeber-

355 1825 495 1875 rimo
534 1827 712 1879 Linne
758 1846 974 1897 quoque
1021 1846 1139 1881 mos
1187 1832 1319 1919 fuit,
1370 1848 1500 1880 usus
1546 1838 1644 1880 est.
1720 1830 1783 1880 In
1823 1829 2007 1896 dispo-

354 1935 546 1986 nendis
585 1941 942 2004 sectionibus,
981 1956 1120 2007 quae
1158 1939 1297 1991 duae
1335 1948 1480 2005 sunt,
1521 1941 1813 2004 classibus,
1855 1937 2006 1989 ordi-

356 2045 548 2110 nibus,
588 2050 1012 2116 subordinibus,
1052 2052 1310 2115 familiis,
1347 2052 1680 2120 generibus,
1718 2052 2008 2100 maximam

289 2183 292 2185 —
357 2152 521 2223 longe
586 2168 798 2223 partem
866 2162 1146 2213 illustrem
1212 2163 1476 2213 Ferussac
1538 2169 1802 2228 sequutus
1869 2178 2006 2212 sum.

359 2262 469 2315 Hic
507 2269 652 2319 enim
677 2273 765 2323 vir
801 2272 1151 2323 doctissimus
1179 2280 1343 2323 acuto
1373 2274 1599 2342 ingenio
1639 2279 1694 2322 et
1730 2271 2009 2323 indefesso

361 2373 545 2425 studio
591 2381 935 2433 methodicae
983 2383 1361 2462 dispositionis
1408 2383 1698 2450 principiis
1737 2382 2008 2446 incubuit,

362 2499 531 2550 eaque
586 2494 901 2544 continuata
955 2511 1088 2544 cura
1139 2495 1216 2544 ita
1266 2495 1422 2545 auxit
1459 2502 1514 2545 et
1561 2492 1899 2556 illustravit,
1950 2498 2015 2541 ut

367 2610 525 2659 quam
573 2599 689 2665 ipse
735 2604 897 2654 initio
946 2605 1304 2675 evulgaverat
1342 2605 1420 2670 *),
1483 2603 1801 2670 dispositiO,
1853 2602 2013 2653 novis

367 2716 817 2743 ———-——

536 2809 994 2865 organisation·
1053 2813 1141 2854 Par
1168 2811 1239 2857 M.
1270 2811 1317 2853 le
1351 2811 1496 2856 Chev.
1531 2811 1711 2854 Cuvier.
1743 2811 2011 2853 IVTomes.

534 2873 558 2912 a
576 2874 715 2916 Paris.
737 2881 858 2926 1817.
879 2882 917 2926 8.
937 2907 988 2912 --
1021 2881 1196 2924 Tomus
1215 2881 1446 2923 secundus
1469 2880 1817 2937 complectitur
1834 2878 2013 2920 anima-

536 2939 602 2981 lia
643 2943 900 2998 mollusca,
949 2958 1145 3003 quartus
1187 2951 1365 3010 figuras
1413 2958 1461 2992 et
1505 2949 1668 3005 aliqua
1711 2948 1923 2991 addenda
1967 2954 2014 2989 θῒ

536 3011 826 3054 emendanda
854 3015 951 3058 huc
982 3019 1243 3074 spectantia
1273 3019 1489 3064 exhibet.

454 3112 500 3164 ³0²)
531 3116 851 3164 Tableaux
882 3127 1376 3183 systematiques
1407 3130 1508 3171 des
1539 3127 1837 3171 Animaux
1868 3125 2013 3168 mol-

519 3185 798 3242 Jusques
851 3190 1082 3236 classes
1125 3209 1195 3237 en
1240 3197 1550 3242 familles
1594 3194 2014 3246 naturelles,
