2912 4368
989 460 1059 501 lv

989 610 1201 677 appello
1242 610 1511 661 vertebris
1556 618 1611 660 et
1659 610 1906 660 articulis
1948 606 2226 663 destituta,
2265 601 2623 652 circulatione

987 736 1120 771 vero
1172 720 1462 769 humorum
1527 719 1766 786 duplici,
1842 715 2007 768 corde
2069 718 2324 779 peracta,
2404 713 2628 780 organis

988 830 1343 895 respirationi
1412 830 1839 882 inservientibus
1906 822 2317 892 peculiaribus,
2387 823 2631 873 medulla

991 958 1191 992 nervea
1228 940 1463 1005 simplici
1515 938 1655 1004 (non
1688 935 1952 999 nodosa),
2014 947 2249 997 corpore
2307 932 2632 1000 gelatinOSO,

993 1050 1158 1116 pallio
1205 1050 1562 1115 utplurimum
1608 1050 1818 1110 cincto,
1885 1050 1979 1093 aut
2023 1040 2172 1091 nudo
2222 1049 2315 1090 aut
2358 1049 2499 1091 testa
2547 1043 2631 1090 in-

993 1167 1231 1220 structo,
1272 1158 1535 1223 praedita.
1608 1159 1683 1206 Ea
1710 1171 1862 1217 vero,
1890 1154 1947 1202 in
1983 1159 2280 1219 systemate
2322 1153 2387 1201 ab
2426 1152 2635 1201 illustri

993 1269 1115 1319 viro
1169 1267 1456 1331 inchoato,
1513 1267 1660 1316 inter
1711 1272 1947 1332 quatuor
1992 1262 2284 1328 primarias
2341 1263 2635 1325 sectioneS,

995 1394 1094 1442 per
1130 1394 1259 1443 quas
1292 1394 1520 1445 regnum
1554 1376 1811 1441 animale,
1847 1372 2231 1425 descendendo
2270 1390 2302 1423 a
2335 1374 2635 1440 perfectio-

997 1487 1144 1535 ribus
1210 1485 1277 1535 ad
1322 1486 1532 1549 infima,
1590 1485 1910 1551 distribuit,
1984 1484 2280 1536 secundam
2337 1485 2640 1535 sectionem

996 1596 1352 1646 constituunt.

1162 1705 1228 1755 In
1281 1706 1798 1771 systematica
1852 1705 2436 1756 Molluscorum
2489 1703 2641 1755 dis-

998 1815 1395 1879 positione
1431 1815 1705 1866 illustrem
1735 1816 1794 1866 L.
1819 1815 1878 1865 B.
1918 1816 1993 1866 de
2031 1818 2377 1881 Ferussac,
2417 1815 2643 1866 hodier-

998 1939 1193 1974 norum
1238 1925 1397 1977 huius
1448 1925 1620 1975 studii
1670 1934 2044 1977 scrutatorum
2098 1927 2262 1977 facile
2317 1928 2642 1993 principem,
2695 1931 2699 1934 ’

1000 2031 1190 2084 ducem
1227 2036 1405 2087 habui.
1495 2037 1768 2088 Methodo
1809 2037 2210 2102 descendente,
2265 2039 2358 2104 qui
2398 2037 2643 2087 celeber-

1002 2144 1140 2193 rimo
1179 2146 1353 2198 Linne
1399 2165 1612 2215 quoque
1659 2165 1777 2199 mos
1825 2150 1957 2236 fuit,
2009 2165 2139 2198 usus
2185 2156 2283 2198 est.
2360 2148 2422 2197 In
2462 2147 2646 2213 dispo-

1000 2253 1189 2304 nendis
1228 2260 1581 2322 sectionibus,
1620 2274 1757 2326 quae
1797 2258 1935 2309 duae
1974 2266 2119 2323 sunt,
2160 2258 2452 2322 classibus,
2495 2255 2646 2307 ordi-

1002 2363 1193 2427 nibus,
1233 2368 1651 2434 subordinibus,
1691 2371 1948 2434 familiis,
1987 2370 2319 2439 generibus,
2357 2370 2648 2418 maximam

1004 2470 1166 2541 longe
1232 2485 1441 2540 partem
1509 2480 1784 2531 illustrem
1851 2482 2115 2531 Ferussac
2178 2488 2441 2547 sequutus
2509 2496 2646 2530 sum.

1006 2580 1115 2631 Hic
1154 2586 1297 2635 enim
1322 2590 1409 2638 vir
1446 2589 1790 2642 doctissimus
1818 2599 1982 2642 acuto
2012 2593 2238 2660 ingenio
2278 2598 2333 2640 et
2370 2590 2648 2641 indefesso

1008 2690 1190 2741 studio
1237 2697 1576 2750 methodicae
1624 2701 2000 2779 dispositionis
2047 2702 2337 2769 principiis
2377 2700 2648 2764 incubuit,

1009 2815 1176 2866 eaque
1231 2810 1543 2860 continuata
1598 2829 1728 2862 cura
1778 2814 1855 2863 ita
1905 2814 2061 2864 auxit
2099 2821 2154 2864 et
2200 2811 2539 2874 illustravit,
2591 2817 2655 2860 ut

1013 2926 1170 2975 quam
1218 2916 1333 2980 ipse
1380 2920 1540 2969 initio
1589 2923 1943 2992 evulgaverat
1982 2925 2059 2989 *),
2122 2922 2441 2990 dispositiO,
2493 2920 2653 2972 novis

1013 3033 1461 3058 -'———

1182 3133 1206 3161 o
1223 3136 1246 3161 r
1261 3137 1289 3181 g
1305 3139 1325 3163 a.
1343 3140 1373 3165 n
1390 3125 1403 3166 i
1420 3142 1437 3166 s
1451 3132 1576 3169 atio
1592 3144 1636 3170 n.
1695 3130 1781 3171 Par
1809 3131 1878 3176 M.
1910 3132 1956 3174 le
1991 3132 2136 3176 Chev.
2171 3131 2350 3173 Cuvier.
2383 3131 2455 3172 IV
2469 3130 2653 3172 Tomes.

1180 3189 1203 3227 a
1222 3190 1359 3231 Paris.
1381 3197 1500 3242 1817.
1522 3198 1559 3241 8-
1580 3224 1630 3228 -
1663 3198 1836 3241 Tomus
1856 3202 2086 3243 secundus
2109 3200 2457 3257 complectitur
2474 3198 2653 3239 anima-

1182 3254 1247 3296 lia
1288 3259 1542 3314 mollusca‚
1592 3276 1785 3319 quartus
1827 3270 2005 3329 figuras
2053 3278 2101 3312 et
2145 3269 2308 3324 aliqua
2352 3267 2564 3310 addend&
2609 3273 2655 3308 Θῒ

1182 3327 1470 3370 emendanda
1498 3332 1593 3374 huc
1624 3338 1883 3390 spectantia
1914 3339 2129 3383 exhibet.

1101 3426 1146 3478 *)
1178 3430 1495 3480 Tableaux
1528 3446 2016 3501 systematiques
2048 3450 2148 3491 des
2180 3447 2478 3491 Animaux
2509 3445 2654 3487 mol-

1166 3500 1442 3557 rlusques
1496 3507 1724 3552 classes
1767 3526 1836 3555 en
1882 3518 2191 3561 familles
2235 3513 2655 3565 natan-elles,
